%% This BibTeX bibliography file was created using BibDesk.
%% http://bibdesk.sourceforge.net/


%% Created for Lauro Cesar Araujo at 2015-04-27 19:43:45 -0300


%% Saved with string encoding Unicode (UTF-8)

@misc{Arruda_Rankine_2025,
  author       = "{João Alex Arruda}",
  title        = "{Rankine-Modificado - Cálculos do Ciclo Rankine Modificado}",
  year         = {2025},
  url          = {https://github.com/joaoalexarruda/rankine-cycle/blob/main/calculos/Rankine-Modificado.ipynb},
  note         = "Acessado em: 13 fev. 2025"
}


@misc{Ecogen_Cogeracao_2025,
  author       = "{Ecogen Brasil}",
  title        = "{Cogera\c{c}\~{a}o de Energia e Utilidades para Ind\'{u}strias}",
  year         = {2025},
  url          = {https://www.ecogenbrasil.com.br/cogeracao-de-energia-e-utilidades-para-industrias/},
  note         = "Acessado em: 13 fev. 2025"
}


@misc{Eletronuclear_Imagem_Angra,
  author       = "{Eletronuclear}",
  title        = "{Angra - Capital da Energia Nuclear}",
  year         = {2024},
  url          = {https://www.eletronuclear.gov.br/GaleriaImagens/Angra%20Capital%20da%20energia%20nuclear/26ecf542-d755-48b4-9043-3ab70aea9996.png},
  note         = "Acessado em: 13 fev. 2025"
}


@book{moran-2018,
  author    = {Michael J. Moran and Howard N. Shapiro and Daisie D. Boettner and Margaret B. Bailey},
  title     = {Princ{\'\i}pios de Termodin{\^a}mica para Engenharia},
  publisher = {LTC},
  year      = {2018},
  month     = {1},
  edition   = {8},
  isbn      = {9788521635041},
}

@book{cengel-2008,
  author    = {Yunus A. {\c{C}}engel and Michael A. Boles},
  title     = {Termodin{\^a}mica: Abordagem da Engenharia},
  publisher = {McGraw-Hill Brasil},
  year      = {2008},
  edition   = {6},
  isbn      = {9788586804841},
}

@book{borgnakke-2020,
  author    = {Claus Borgnakke and Richard E. Sonntag},
  title     = {Fundamentos da Termodin{\^a}mica},
  publisher = {John Wiley \& Sons Brasil},
  year      = {2020},
  edition   = {9},
  isbn      = {9788522121581},
}